<record><leader>00000cas a22000007a 4500</leader><controlfield tag="001">9833281</controlfield><controlfield tag="008">830822d18311855nyuwr ne      0    0eng d</controlfield><datafield ind1=" " ind2=" " tag="010"><subfield code="a">sn 83031221 </subfield></datafield><datafield ind1=" " ind2=" " tag="040"><subfield code="a">NPU</subfield><subfield code="b">eng</subfield><subfield code="c">NPU</subfield><subfield code="d">DLC</subfield><subfield code="d">NPX</subfield><subfield code="d">NYS</subfield><subfield code="d">OCL</subfield><subfield code="d">OCLCQ</subfield><subfield code="d">OCLCF</subfield><subfield code="d">OCLCO</subfield></datafield><datafield ind1="1" ind2=" " tag="029"><subfield code="a">AU@</subfield><subfield code="b">000020127393</subfield></datafield><datafield ind1=" " ind2=" " tag="042"><subfield code="a">msc</subfield></datafield><datafield ind1="0" ind2="0" tag="050"><subfield code="a">Newspaper 8829-X</subfield></datafield><datafield ind1="0" ind2=" " tag="130"><subfield code="a">Otsego Republican (Cooperstown, N.Y. : 1831)</subfield></datafield><datafield ind1="0" ind2="0" tag="245"><subfield code="a">Otsego Republican.</subfield></datafield><datafield ind1=" " ind2=" " tag="260"><subfield code="a">Cooperstown, N.Y. :</subfield><subfield code="b">Henry W. Hopkins,</subfield></datafield><datafield ind1=" " ind2=" " tag="300"><subfield code="a">v. ;</subfield><subfield code="c">53-61 cm.</subfield></datafield><datafield ind1=" " ind2=" " tag="310"><subfield code="a">Weekly</subfield></datafield><datafield ind1="0" ind2=" " tag="362"><subfield code="a">Vol. 1, no. 1 (Dec. 5, 1831)-</subfield></datafield><datafield ind1="1" ind2=" " tag="362"><subfield code="a">Ceased in Oct. 1855.</subfield><subfield code="z">Cf. French, J.H.  Gazetteer of the State of N.Y., 1860.</subfield></datafield><datafield ind1=" " ind2=" " tag="500"><subfield code="a">Publishers: Henry W. Hopkins, 1831- ; Hopkins &amp; Clark, &lt;1833&gt;; A.W. Clark, &lt;1835&gt;; Isaac K. Williams &amp; Co., &lt;1841&gt;; Andrew M. Barber, &lt;1852&gt;.</subfield></datafield><datafield ind1=" " ind2=" " tag="500"><subfield code="a">"Democratic Whig," &lt;1852&gt;.</subfield></datafield><datafield ind1=" " ind2=" " tag="500"><subfield code="a">Editors: A.W. Clark, &lt;1835&gt;; Isaac K. Williams, &lt;1841&gt;; Andrew M. Barber, &lt;1852&gt;.</subfield></datafield><datafield ind1=" " ind2="0" tag="651"><subfield code="a">Cooperstown (N.Y.)</subfield><subfield code="v">Newspapers.</subfield></datafield><datafield ind1=" " ind2="7" tag="655"><subfield code="a">Newspapers.</subfield><subfield code="2">fast</subfield><subfield code="0">(OCoLC)fst01423814</subfield></datafield><datafield ind1=" " ind2="7" tag="651"><subfield code="a">New York (State)</subfield><subfield code="z">Cooperstown.</subfield><subfield code="2">fast</subfield><subfield code="0">(OCoLC)fst01219225</subfield></datafield><datafield ind1="1" ind2=" " tag="700"><subfield code="a">Clark, A. W.</subfield></datafield><datafield ind1=" " ind2=" " tag="752"><subfield code="a">United States</subfield><subfield code="b">New York</subfield><subfield code="c">Otsego</subfield><subfield code="d">Cooperstown.</subfield></datafield><datafield ind1="0" ind2="0" tag="780"><subfield code="t">Tocsin (Cooperstown, N.Y.)</subfield><subfield code="w">(DLC)sn 85042153</subfield></datafield><datafield ind1="0" ind2="7" tag="785"><subfield code="t">Otsego Democrat (Cooperstown, N.Y. : 1847)</subfield><subfield code="w">(DLC)sn 83031219</subfield></datafield><datafield ind1="0" ind2="7" tag="785"><subfield code="t">Republican and Democrat (Cooperstown, N.Y. : 1855)</subfield><subfield code="w">(DLC)sn 83031223</subfield></datafield></record>